<record><leader>00000cas a2200000 a 4500</leader><controlfield tag="001">39000145</controlfield><controlfield tag="008">980423d1959196unyuwr ne      0    0eng c</controlfield><datafield ind1=" " ind2=" " tag="010"><subfield code="a">sn 98067559 </subfield></datafield><datafield ind1=" " ind2=" " tag="040"><subfield code="a">NYS</subfield><subfield code="b">eng</subfield><subfield code="c">NYS</subfield><subfield code="d">OCLCQ</subfield><subfield code="d">OCLCF</subfield><subfield code="d">OCLCO</subfield></datafield><datafield ind1="1" ind2=" " tag="029"><subfield code="a">AU@</subfield><subfield code="b">000013907151</subfield></datafield><datafield ind1=" " ind2=" " tag="042"><subfield code="a">pcc</subfield></datafield><datafield ind1=" " ind2=" " tag="043"><subfield code="a">n-us-ny</subfield></datafield><datafield ind1="0" ind2=" " tag="130"><subfield code="a">Front page (Lackawanna, N.Y. : 1959)</subfield></datafield><datafield ind1="1" ind2="4" tag="245"><subfield code="a">The front page.</subfield></datafield><datafield ind1=" " ind2=" " tag="260"><subfield code="a">Lackawanna, N.Y. :</subfield><subfield code="b">J. Gerald McDonough.</subfield></datafield><datafield ind1=" " ind2=" " tag="300"><subfield code="a">v.</subfield></datafield><datafield ind1=" " ind2=" " tag="310"><subfield code="a">Weekly</subfield></datafield><datafield ind1="1" ind2=" " tag="362"><subfield code="a">Began in 1959?</subfield></datafield><datafield ind1=" " ind2=" " tag="500"><subfield code="a">"Official newspapers of the City of Lackawanna and the County of Erie."</subfield></datafield><datafield ind1=" " ind2=" " tag="588"><subfield code="a">Description based on: Vol. 3, no. 22 (Oct. 25, 1961).</subfield></datafield><datafield ind1=" " ind2=" " tag="588"><subfield code="a">Latest issue consulted: Vol. 3, no. 23 (Nov. 1, 1961).</subfield></datafield><datafield ind1=" " ind2="0" tag="651"><subfield code="a">Lackawanna (N.Y.)</subfield><subfield code="v">Newspapers.</subfield></datafield><datafield ind1=" " ind2="0" tag="651"><subfield code="a">Erie County (N.Y.)</subfield><subfield code="v">Newspapers.</subfield></datafield><datafield ind1=" " ind2="7" tag="655"><subfield code="a">Newspapers.</subfield><subfield code="2">fast</subfield><subfield code="0">(OCoLC)fst01423814</subfield></datafield><datafield ind1=" " ind2="7" tag="651"><subfield code="a">New York (State)</subfield><subfield code="z">Erie County.</subfield><subfield code="2">fast</subfield><subfield code="0">(OCoLC)fst01202692</subfield></datafield><datafield ind1=" " ind2="7" tag="651"><subfield code="a">New York (State)</subfield><subfield code="z">Lackawanna.</subfield><subfield code="2">fast</subfield><subfield code="0">(OCoLC)fst01221612</subfield></datafield><datafield ind1=" " ind2=" " tag="752"><subfield code="a">United States</subfield><subfield code="b">New York</subfield><subfield code="c">Erie</subfield><subfield code="d">Lackawanna.</subfield></datafield><datafield ind1="0" ind2=" " tag="775"><subfield code="t">Front page (Buffalo, N.Y.)</subfield><subfield code="w">(DLC)sn 94057523</subfield><subfield code="w">(OCoLC)29811680</subfield></datafield><datafield ind1="0" ind2="0" tag="785"><subfield code="t">Lackawanna front page</subfield><subfield code="w">(DLC)sn 98067560</subfield></datafield></record>